
@article{agostini,
  author          = {{D'Agostini}, G.},
  title           = "{A multidimensional unfolding method based on Bayes' theorem}",
  journal         = {Nucl. Instrum. Meth. A},
  year            = 1995,
  month           = 2,
  volume          = 362,
  pages           = {487-498},
  doi             = {10.1016/0168-9002(95)00274-X},
  adsurl          = {http://adsabs.harvard.edu/abs/1995NIMPA.362..487D},
  adsnote         = {Provided by the SAO/NASA Astrophysics Data System}
}


@misc{adye2,
  author          = {Adye, T.},
  title           = {Corrected Error Calculation for Iterative Bayesian Unfolding},
  year            = "2011",
  url             = {http://hepunx.rl.ac.uk/~adye/software/unfold/bayes_errors.pdf},
  urldate         = {2016-01-12},
}


@article{root,
  author          = "ROOT",
  journal         = "Nucl. Instr. \& Meth. in Phys. Rev. A",
  title           = "An Object Oriented Data Analysis Framework",
  volume          = "389",
  pages           = "81-86",
  year            = "1997",
  doi             = {10.1016/S0168-9002(97)00048-X},
  url             = {http://root.cern.ch/},
}


@article{kolmogorov,
  author          = {A. N. Kolmogorov},
  title           = {Sulla Determinazione Empirica di Una Legge di Distribuzione},
  journal         = {Giornale dell`Istituto Italiano degli Attuari},
  volume          = {4},
  pages           = {83-91},
  year            = {1933},
}


@article{smirnov,
  author          = "Smirnov, N.",
  fjournal        = "The Annals of Mathematical Statistics",
  journal         = "Ann. Math. Statist.",
  month           = "06",
  number          = "2",
  pages           = "279--281",
  publisher       = "The Institute of Mathematical Statistics",
  title           = "Table for Estimating the Goodness of Fit of Empirical Distributions",
  url             = "http://dx.doi.org/10.1214/aoms/1177730256",
  doi             = {10.1214/aoms/1177730256},
  volume          = "19",
  year            = "1948"
}


@article{pfendner,
  author          = {S. Y. BenZvi and B. M. Connolly and C. G. Pfendner and S. Westerhoff},
  title           = {A Bayesian Approach to Comparing Cosmic Ray Energy Spectra},
  journal         = {The Astrophysical Journal},
  volume          = {738},
  number          = {1},
  pages           = {82},
  doi             = {10.1088/0004-637X/738/1/82},
  url             = {http://stacks.iop.org/0004-637X/738/i=1/a=82},
  year            = {2011},
}	
