
@article{agostini,
  author          = {{D'Agostini}, G.},
  title           = "{A multidimensional unfolding method based on Bayes' theorem}",
  journal         = {Nucl. Instrum. Meth. A},
  year            = 1995,
  volume          = 362,
  pages           = {487--498},
  doi             = {10.1016/0168-9002(95)00274-X},
  adsurl          = {http://adsabs.harvard.edu/abs/1995NIMPA.362..487D},
  adsnote         = {Provided by the SAO/NASA Astrophysics Data System}
}


@misc{adye2,
  author          = {Adye, T.},
  title           = {Corrected Error Calculation for Iterative Bayesian Unfolding},
  year            = "2011",
  url             = {http://hepunx.rl.ac.uk/~adye/software/unfold/bayes_errors.pdf},
  urldate         = {2016-01-12},
}


@article{jeffreys,
  author          = "Jeffreys, H.",
	journal         = "Proc. of the Royal Society of London A: Mathematical, Physical and Engineering Sciences",
  address         = "London, England",
  title           = "An Invariant Form for the Prior Probability in Estimation Problems",
  volume          = "186",
  pages           = "453--461",
  year            = "1946",
	number          = "1007",
  doi             = {10.1098/rspa.1946.0056},
}


@article{root,
  author          = "ROOT",
  journal         = "Nucl. Instr. \& Meth. in Phys. Rev. A",
  title           = "An Object Oriented Data Analysis Framework",
  volume          = "389",
  pages           = "81--86",
  year            = "1997",
  doi             = {10.1016/S0168-9002(97)00048-X},
  url             = {http://root.cern.ch/},
}


@article{kolmogorov,
  author          = {A. N. Kolmogorov},
  title           = {Sulla Determinazione Empirica di Una Legge di Distribuzione},
  journal         = {Giornale dell`Istituto Italiano degli Attuari},
  volume          = {4},
  pages           = {83--91},
  year            = {1933},
}


@article{smirnov,
  author          = "Smirnov, N.",
  fjournal        = "The Annals of Mathematical Statistics",
  journal         = "Ann. Math. Statist.",
  number          = "2",
  pages           = "279--281",
  publisher       = "The Institute of Mathematical Statistics",
  title           = "Table for Estimating the Goodness of Fit of Empirical Distributions",
  url             = "http://dx.doi.org/10.1214/aoms/1177730256",
  doi             = {10.1214/aoms/1177730256},
  volume          = "19",
  year            = "1948"
}


@article{pfendner,
  author          = {S. Y. BenZvi and B. M. Connolly and C. G. Pfendner and S. Westerhoff},
  title           = {A Bayesian Approach to Comparing Cosmic Ray Energy Spectra},
  journal         = {The Astrophysical Journal},
  volume          = {738},
  number          = {1},
  pages           = {82},
  doi             = {10.1088/0004-637X/738/1/82},
  url             = {http://stacks.iop.org/0004-637X/738/i=1/a=82},
  year            = {2011},
}	


@article{hawc-crspectrum,
  title = {All-particle cosmic ray energy spectrum measured by the {HAWC} experiment from 10 to 500 TeV},
  author = {Alfaro, R. and Alvarez, C. and \'Alvarez, J. D. and Arceo, R. and Arteaga-Vel\'azquez, J. C. and Avila Rojas, D. and Ayala Solares, H. A. and Barber, A. S. and Becerril, A. and Belmont-Moreno, E. and BenZvi, S. Y. and Brisbois, C. and Caballero-Mora, K. S. and Capistr\'an, T. and Carrami\~nana, A. and Casanova, S. and Castillo, M. and Cotti, U. and Cotzomi, J. and Couti\~no de Le\'on, S. and De Le\'on, C. and De la Fuente, E. and Diaz Hernandez, R. and Dichiara, S. and Dingus, B. L. and DuVernois, M. A. and D\'{\i}az-V\'elez, J. C. and Ellsworth, R. W. and Enriquez-Rivera, O. and Fiorino, D. W. and Fleischhack, H. and Fraija, N. and Garc\'{\i}a-Gonz\'alez, J. A. and Gonz\'alez Mu\~noz, A. and Gonz\'alez, M. M. and Goodman, J. A. and Hampel-Arias, Z. and Harding, J. P. and Hernandez-Almada, A. and Hinton, J. and Hueyotl-Zahuantitla, F. and Hui, C. M. and H\"untemeyer, P. and Iriarte, A. and Jardin-Blicq, A. and Joshi, V. and Kaufmann, S. and Lara, A. and Lauer, R. J. and Lennarz, D. and Le\'on Vargas, H. and Linnemann, J. T. and Longinotti, A. L. and Luis Raya, G. and Luna-Garc\'{\i}a, R. and L\'opez-C\'amara, D. and L\'opez-Coto, R. and Malone, K. and Marinelli, S. S. and Martinez, O. and Martinez-Castellanos, I. and Mart\'{\i}nez-Castro, J. and Mart\'{\i}nez-Huerta, H. and Matthews, J. A. and Miranda-Romagnoli, P. and Moreno, E. and Mostaf\'a, M. and Nellen, L. and Newbold, M. and Nisa, M. U. and Noriega-Papaqui, R. and Pelayo, R. and Pretz, J. and P\'erez-P\'erez, E. G. and Ren, Z. and Rho, C. D. and Rivi\`ere, C. and Rosa-Gonz\'alez, D. and Rosenberg, M. and Ruiz-Velasco, E. and Salesa Greus, F. and Sandoval, A. and Schneider, M. and Schoorlemmer, H. and Sinnis, G. and Smith, A. J. and Springer, R. W. and Surajbali, P. and Taboada, I. and Tibolla, O. and Tollefson, K. and Torres, I. and Ukwatta, T. N. and Villase\~nor, L. and Weisgarber, T. and Westerhoff, S. and Wood, J. and Yapici, T. and Zepeda, A. and Zhou, H.},
  collaboration = {HAWC Collaboration},
  journal = {Phys. Rev. D},
  volume = {96},
  issue = {12},
  pages = {122001},
  numpages = {14},
  year = {2017},
  doi = {10.1103/PhysRevD.96.122001},
  url = {https://link.aps.org/doi/10.1103/PhysRevD.96.122001}
}
